<record><leader>00000cas a22000007a 4500</leader><controlfield tag="001">15525258</controlfield><controlfield tag="008">870413d19211921wiudn ne      0    0eng d</controlfield><datafield ind1=" " ind2=" " tag="010"><subfield code="a">sn 87082434 </subfield></datafield><datafield ind1=" " ind2=" " tag="040"><subfield code="a">NPV</subfield><subfield code="b">eng</subfield><subfield code="c">NPV</subfield><subfield code="d">OCLCQ</subfield></datafield><datafield ind1=" " ind2=" " tag="042"><subfield code="a">msc</subfield></datafield><datafield ind1="0" ind2="0" tag="245"><subfield code="a">Sheboygan press and Sheboygan telegram.</subfield></datafield><datafield ind1=" " ind2=" " tag="260"><subfield code="a">Sheboygan, Wis. :</subfield><subfield code="b">Press Pub. Co.,</subfield><subfield code="c">1921-1921.</subfield></datafield><datafield ind1=" " ind2=" " tag="300"><subfield code="a">v.</subfield></datafield><datafield ind1=" " ind2=" " tag="310"><subfield code="a">Daily (except Sunday)</subfield></datafield><datafield ind1="0" ind2=" " tag="362"><subfield code="a">Vol. 33, no. 275 (Aug. 3, 1921)-v. 33, no. 299 (Aug. 31, 1921).</subfield></datafield><datafield ind1=" " ind2=" " tag="752"><subfield code="a">United States</subfield><subfield code="b">Wisconsin</subfield><subfield code="c">Sheboygan</subfield><subfield code="d">Sheboygan.</subfield></datafield><datafield ind1="0" ind2="4" tag="780"><subfield code="t">Sheboygan telegram</subfield><subfield code="w">(DLC)sn 85040848</subfield></datafield><datafield ind1="0" ind2="4" tag="780"><subfield code="t">Sheboygan press (Sheboygan, Wis. : 1911)</subfield><subfield code="w">(DLC)sn 87082433</subfield></datafield><datafield ind1="0" ind2="0" tag="785"><subfield code="t">Sheboygan press-telegram</subfield><subfield code="w">(DLC)sn 87082435</subfield></datafield></record>